<?xml version="1.0" encoding="UTF-8"?><collection xmlns="http://www.loc.gov/MARC21/slim"><record><leader>00401nam--2200121-i-4500</leader><controlfield tag="001">000009513</controlfield><controlfield tag="002">20161230</controlfield><controlfield tag="005">20161230201028</controlfield><controlfield tag="008">060222s1000------------r-----000-0-eng-d</controlfield><datafield ind1=" " ind2=" " tag="245"><subfield code="a">Thesaurofacet.a thesaurus &amp; faceted classi- fication for engineering and related subjects</subfield></datafield><datafield ind1=" " ind2=" " tag="260"><subfield code="a">Whetstone, Leicester, The English Electric Co. Ltd., 1969. Xxv + 491 P</subfield></datafield><datafield ind1=" " ind2=" " tag="700"><subfield code="a">Aitchison, Jean/S.A.</subfield></datafield><datafield ind1=" " ind2=" " tag="852"><subfield code="a">34215</subfield></datafield></record></collection>